@article{p1,
  author       = {W. {Cloud}},
  title        = {Man amplifiers: Machines that let you carry a ton},
  journal      = {Popular Science},
  year         = {1965},
  volume       = {187},
  number       = {5},
  pages        = {70–73},
}

@article{p2,
  title={An upper limb prosthesis-orthosis power and control system with multi-level potential},
  author={G. {Schmeisser} and W. {Seamone}},
  journal={Journal of Bone \& Joint Surgery American Volume},
  volume={55},
  number={7},
  pages={1493},
  year={1973},
}

@article{p3,
  title={下肢康复机器人及其交互控制方法},
  author={胡进 and 侯增广 and 陈翼雄},
  journal={自动化学报},
  volume={40},
  number={11},
  pages={2377-2390},
  year={2014},
}

@INPROCEEDINGS{p5, 
author={H. {Kazerooni}}, 
booktitle={2007 IEEE 10th International Conference on Rehabilitation Robotics}, 
title={That which does not stabilize, will only make us stronger}, 
year={2007}, 
volume={}, 
number={}, 
pages={18-18}, 
keywords={Exoskeletons;Humans;Control systems;Extremities;Robots;Mechanical engineering;Legged locomotion;Laboratories;Algorithm design and analysis;Ergonomics}, 
doi={10.1109/ICORR.2007.4428369}, 
ISSN={1945-7898}, 
month={June},}

@ARTICLE{p6, 
author={A. M. {Dollar} and H. {Herr}}, 
journal={IEEE Transactions on Robotics}, 
title={Lower Extremity Exoskeletons and Active Orthoses: Challenges and State-of-the-Art}, 
year={2008}, 
volume={24}, 
number={1}, 
pages={144-158}, 
keywords={control systems;orthotics;lower extremity exoskeletons;active orthoses;state-of-the-art lower limb exoskeletons;control systems;Extremities;Exoskeletons;Orthotics;Humans;Control systems;Legged locomotion;Leg;Springs;Commercialization;History;Exoskeleton;lower extremity;orthosis;orthotics;rehabilitation;robotics;walking;wearable}, 
doi={10.1109/TRO.2008.915453}, 
ISSN={1552-3098}, 
month={Feb},}

@article{p7,
author = {H. {Kazerooni} and Ryan Steger and Lihua Huang},
title ={Hybrid Control of the Berkeley Lower Extremity Exoskeleton (BLEEX)},
journal = {The International Journal of Robotics Research},
volume = {25},
number = {5-6},
pages = {561-573},
year = {2006},
doi = {10.1177/0278364906065505},

URL = { 
        https://doi.org/10.1177/0278364906065505
    
},
eprint = { 
        https://doi.org/10.1177/0278364906065505
    
}
,
    abstract = { The Berkeley Lower Extremity Exoskeleton is the first functional energetically autonomous load carrying human exoskeleton and was demonstrated at U.C. Berkeley, walking at the average speed of 0.9 m/s (2 mph) while carrying a 34 kg (75 lb) payload. The original published controller, called the BLEEX Sensitivity Amplification Controller, was based on positive feedback and was designed to increase the closed loop system sensitivity to its wearer’s forces and torques without any direct measurement from the wearer. This controller was successful at allowing natural and unobstructed load support for the pilot. This article presents an improved control scheme we call “hybrid” BLEEX control that adds robustness to changing BLEEX backpack payload. The walking gait cycle is divided into stance control and swing control phases. Position control is used for the BLEEX stance leg (including the torso and backpack) and a sensitivity amplification controller is used for the swing leg. The controller is also designed to smoothly transition between these two schemes as the pilot walks. With hybrid control, the controller does not require a good model of the BLEEX torso and payload, which is difficult to obtain and subject to change as payload is added and removed. As a tradeoff, the position control used in this method requires the human to wear seven inclinometers to measure human limb and torso angles. These additional sensors require careful design to securely fasten them to the human and increase the time to don and doff BLEEX. }
}

@article{p8,
author={S. C. {JACOBSEN}},
title={On the development of XOS, a powerful exoskeletal robot},
journal={Proc. IEEE/RSJ Int. Conf. on Intelligent Robots and Systems, San Diego, CA, 2007},
ISSN={},
publisher={},
year={2007},
month={},
volume={},
number={},
pages={},
URL={https://ci.nii.ac.jp/naid/20000716738/en/},
DOI={}
}

@INPROCEEDINGS{p9, 
author={K. A. {Strausser} and H. {Kazerooni}}, 
booktitle={2011 IEEE/RSJ International Conference on Intelligent Robots and Systems}, 
title={The development and testing of a human machine interface for a mobile medical exoskeleton}, 
year={2011}, 
volume={}, 
number={}, 
pages={4911-4916}, 
keywords={Legged locomotion;Exoskeletons;Foot;Robot sensing systems;Automata;Knee;Spinal cord injury}, 
doi={10.1109/IROS.2011.6095025}, 
ISSN={2153-0866}, 
month={Sep.}
}

@article{p10,
  title={Effects of a lower-body exoskeleton device on metabolic cost and gait biomechanics during load carriage},
  author={Gregorczyk, Karen N and Hasselquist, Leif and Schiffman, Jeffrey M and Bensel, Carolyn K and Obusek, John P and Gutekunst, David J},
  journal={Ergonomics},
  volume={53},
  number={10},
  pages={1263--1275},
  year={2010},
  publisher={Taylor \& Francis}
}

@inproceedings{p11,
  title={An autonomous, underactuated exoskeleton for load-carrying augmentation},
  author={Walsh, Conor James and Pasch, Kenneth and Herr, Hugh},
  booktitle={2006 IEEE/RSJ International Conference on Intelligent Robots and Systems},
  pages={1410--1415},
  year={2006},
  organization={IEEE}
}

@article{p12,
  title={Stronger, smarter, softer: next-generation wearable robots},
  author={Asbeck, Alan T and De Rossi, Stefano MM and Galiana, Ignacio and Ding, Ye and Walsh, Conor J},
  journal={IEEE Robotics \& Automation Magazine},
  volume={21},
  number={4},
  pages={22--33},
  year={2014},
  publisher={IEEE}
}

@inproceedings{p13,
  title={Power assist system HAL-3 for gait disorder person},
  author={Kawamoto, Hiroaki and Sankai, Yoshiyuki},
  booktitle={International Conference on Computers for Handicapped Persons},
  pages={196--203},
  year={2002},
  organization={Springer}
}

@article{p14,
  title={基于接触力信息的可穿戴型下肢助力机器人传感系统研究},
  author={孙建 and 余永 and 葛运建 and 陈峰 and 沈煌焕},
  journal={中国科学技术大学学报},
  volume={38},
  number={12},
  pages={1432-1438},
  year={2008},
}

@article{p15,
  title={基于时间序列分析的可穿戴助力机器人传感器信号预测的研究},
  author={孙兆君 and 余永 and 葛运建},
  journal={传感技术学报},
  volume={22},
  number={3},
  pages={345-349},
  year={2009},
}

@phdthesis{p16,
  title={一种用于步态检测的柔性双足助力机器人感知系统的研究},
  school={中国科学技术大学},
  year={2010},
}

@phdthesis{p17,
  title={可穿戴式的下肢步行外骨骼控制机理研究与实现},
  author={牛彬},
  school={浙江大学},
  year={2006},
}

@phdthesis{p18,
  title={外骨骼助力机器人控制系统设计与控制策略研究},
  school={哈尔滨工业大学},
  year={2015},
}

@phdthesis{p19,
  title={自主减重外骨骼下肢机器人的混合控制系统设计与实现},
  school={电子科技大学},
  year={2014},
}


@article{p20,
  title={Double closed-loop cascade control for lower limb exoskeleton with elastic actuation},
  author={Zhu, Y. and Zheng, T. and Jin, H. and Yang, J. and Zhao, J.},
  journal={Technology \& Health Care Official Journal of the European Society for Engineering \& Medicine},
  volume={24 Suppl 1},
  number={s1},
  pages={S113},
  year={2015},
}

@article{p21,
  title={Robotic orthosis lokomat: a rehabilitation and research tool},
  author={Saso, Jezernik and Gery, Colombo and Thierry, Keller and Hansruedi, Frueh and Manfred, Morari},
  journal={Neuromodulation Technology at the Neural Interface},
  volume={6},
  number={2},
  pages={108-115},
  year={2010},
}

@inproceedings{p22,
  title={Active-Impedance Control of a Lower-Limb Assistive Exoskeleton},
  author={Aguirre-Ollinger, Gabriel and Colgate, J. Edward and Peshkin, Michael A. and Goswami, Ambarish},
  booktitle={IEEE International Conference on Rehabilitation Robotics},
  year={2007},
}

@article{p23,
  title={Ballistic walking: an improved model},
  author={Mochon, Simon and Mcmahon, Thomas A.},
  journal={Mathematical Biosciences},
  volume={52},
  number={3},
  pages={241-260},
  year={1980}
}

@article{p24,
  title={Passive Dynamic Walking},
  author={Mcgeer, Tad},
  journal={Int.j.of Robotics Research},
  volume={9},
  number={9},
  pages={62-82},
  year={1990}
}

@article{p25,
  title={A light-weight active orthosis for hip movement assistance},
  author={Giovacchini, Francesco and Vannetti, Federica and Fantozzi, Matteo and Cempini, Marco and Cortese, Mario and Parri, Andrea and Yan, Tingfang and Lefeber, Dirk and Vitiello, Nicola},
  journal={Robotics \& Autonomous Systems},
  volume={73},
  number={C},
  pages={123-134},
  year={2015}
}

@inproceedings{p26,
  title={Series elastic actuator development for a biomimetic walking robot},
  author={Robinson, David W. and Pratt, Jerry E. and Paluska, Daniel J. and Pratt, Gill A.},
  booktitle={IEEE/ASME International Conference on Advanced Intelligent Mechatronics},
  year={1999}
}

@article{p27,
  title={Design, Control and Performance of RiceWrist: A Force Feedback Wrist Exoskeleton for Rehabilitation and Training},
  author={Gupta, Abhishek and O\'Malley, Marcia Kilchenman and Patoglu, Volkan and Burgar, Charles G.},
  journal={International Journal of Robotics Research},
  volume={27},
  number={2},
  pages={233-251},
  year={2007}
}

@article{p28,
  title={Control of Rotary Series Elastic Actuator for Ideal Force-Mode Actuation in Human–Robot Interaction Applications},
  author={Kong, Kyoungchul and Bae, Joonbum and Tomizuka, Masayoshi},
  journal={IEEE Transactions on Mechatronics},
  volume={14},
  number={1},
  pages={105-118},
  year={2009}
}

@inproceedings{p29,
  title={Late motor processing in low-impedance robots: Impedance control of series-elastic actuators},
  author={Pratt, G. A. and Willisson, P. and Bolton, C. and Hofman, A.},
  booktitle={American Control Conference},
  year={2004}
}


@article{p30,
  title={Passivity and Stability of Human–Robot Interaction Control for Upper-Limb Rehabilitation Robots},
  author={Zhang, Juanjuan and Cheah, Chien Chern},
  journal={IEEE Transactions on Robotics},
  volume={31},
  number={2},
  pages={233-245},
  year={2015}
}

@inproceedings{p31,
  title={Improving the transparency of a rehabilitation robot by exploiting the cyclic behaviour of walking},
  author={Van, Dijk W and Van, der Kooij H and Koopman, B and van Asseldonk, E. H. and Van, der Kooij H},
  booktitle={IEEE International Conference on Rehabilitation Robotics},
  year={2013}
}

@article{p32,
  title={A simple exoskeleton that assists plantarflexion can reduce the metabolic cost of human walking},
  author={Philippe, Malcolm and Wim, Derave and Samuel, Galle and Dirk, De Clercq},
  journal={Plos One},
  volume={8},
  number={2},
  pages={e56137},
  year={2013},
}

@article{p33,
  title={An experimental comparison of the relative benefits of work and torque assistance in ankle exoskeletons},
  author={Jackson, Rachel W. and Collins, Steven H.},
  journal={Journal of Applied Physiology},
  volume={119},
  number={5},
  pages={541-57},
  year={2015},
}

@article{p34,
  title={Design and energetic characterization of a proportional-injector monopropellant-powered actuator},
  author={Fite, Kevin B. and Goldfarb, Michael},
  journal={IEEE\/ASME Transactions on Mechatronics},
  volume={11},
  number={2},
  pages={196-204},
  year={2006},
}

@inproceedings{p35,
  title={On the control of the Berkeley Lower Extremity Exoskeleton (BLEEX)},
  author={Kazerooni, H. and Racine, J. L. and Huang, Lihua and Steger, R.},
  booktitle={IEEE/RSJ International Conference on Intelligent Robots \& Systems},
  year={2006},
}

@inproceedings{p36,
  title={Power assist method for HAL-3 using EMG-based feedback controller},
  author={Kawamoto, H. and Lee, Suwoong and Kanbe, S. and Sankai, Y.},
  booktitle={Proc International Conference on Systems},
  year={2003},
}

@article{p37,
  title={Systematic variation of prosthetic foot spring affects center-of-mass mechanics and metabolic cost during walking},
  author={Zelik, K. E. and Collins, S. H. and Adamczyk, P. G. and Segal, A. D. and Klute, G. K. and Morgenroth, D. C. and Hahn, M. E. and Orendurff, M. S. and Czerniecki, J. M. and Kuo, A. D.},
  journal={IEEE Transactions on Neural Systems \& Rehabilitation Engineering},
  volume={19},
  number={4},
  pages={411-419},
  year={2011},
}

@article{p38,
  title={"Body-In-The-Loop": Optimizing Device Parameters Using Measures of Instantaneous Energetic Cost},
  author={Felt, Wyatt and Selinger, Jessica C. and Donelan, J. Maxwell and Remy, C. David},
  journal={Plos One},
  volume={10},
  number={8},
  pages={e0135342},
  year={2015},
}

@article{p39,
  title={Increasing ankle push-off work with a powered prosthesis does not necessarily reduce metabolic rate for transtibial amputees},
  author={Quesada, Roberto E. and Caputo, Joshua M. and Collins, Steven H.},
  journal={Journal of Biomechanics},
  volume={49},
  number={14},
  pages={3452-3459},
  year={2016},
}

@article{p40,
  title={Human-in-the-loop optimization of exoskeleton assistance during walking},
  author={Zhang, J. and Fiers, P and Witte, K. A. and Jackson, R. W. and Poggensee, K. L. and Atkeson, C. G. and Collins, S. H.},
  journal={Science},
  volume={356},
  number={6344},
  pages={1280-1284},
  year={2017},
}

@article{p41,
author = {Ding, Ye and Kim, Myunghee and Kuindersma, Scott and Walsh, Conor},
year = {2018},
month = {02},
pages = {eaar5438},
title = {Human-in-the-loop optimization of hip assistance with a soft exosuit during walking},
volume = {3},
journal = {Science Robotics},
doi = {10.1126/scirobotics.aar5438}
}

@inproceedings{p42,
  title={Design of Two Lightweight, HighBandwidth Torque-Controlled Ankle Exoskeletons},
  author={Witte, Kirby Ann and Zhang, Juanjuan and Jackson, Rachel W. and Collins, Steven H.},
  booktitle={IEEE International Conference on Robotics \& Automation},
  year={2015},
}

@article{p43,
  title={Chapter 5 Torque Control in Legged Locomotion},
  author={Zhang, Juanjuan and Cheah, Chien Chern and Collins, Steven H.},
  journal={Bioinspired Legged Locomotion},
  year={2017},
}


@book{p44,
  title={Gait analysis: an introduction},
  author={Whittle, Michael W},
  year={2014},
  publisher={Butterworth-Heinemann}
}

@article{p45,
  title={Neuromusculoskeletal modeling: estimation of muscle forces and joint moments and movements from measurements of neural command},
  author={Buchanan, Thomas S and Lloyd, David G and Manal, Kurt and Besier, Thor F},
  journal={Journal of applied biomechanics},
  volume={20},
  number={4},
  pages={367--395},
  year={2004}
}

@article{p46,
  title={Formation of High Speed Motion Pattern of Mechanical Arm by Trial},
  author={Uchiyama, Masaru},
  journal={Transactions of the Society of Instrument \& Control Engineers},
  volume={14},
  number={6},
  pages={706-712},
  year={2009},
}

@INPROCEEDINGS{p47, 
author={S. {Arimoto} and S. {Kawamura} and F. {Miyazaki}}, 
booktitle={The 23rd IEEE Conference on Decision and Control}, 
title={Bettering operation of dynamic systems by learning: A new control theory for servomechanism or mechatronics systems}, 
year={1984}, 
volume={}, 
number={}, 
pages={1064-1069}, 
keywords={Control theory;Servomechanisms;Mechatronics;Control systems}, 
doi={10.1109/CDC.1984.272176}, 
ISSN={}, 
month={Dec}
}

@proceedings{p48,
title	= {Google Vizier: A Service for Black-Box Optimization},
editor	= {Daniel Golovin and Benjamin Solnik and Subhodeep Moitra and Greg Kochanski and John Elliot Karro and D. Sculley},
year	= {2017},
URL	= {http://www.kdd.org/kdd2017/papers/view/google-vizier-a-service-for-black-box-optimization}
}

@book{p49,
  title={Gaussian processes for machine learning},
  author={Williams, Christopher KI and Rasmussen, Carl Edward},
  volume={2},
  number={3},
  year={2006},
  publisher={MIT Press Cambridge, MA}
}

